@article{bringel2005evidence,
  title     = {Evidence for wobbling excitation in 161 Lu},
  author    = {Bringel, P and Hagemann, GB and H{\"u}bel, H and Al-Khatib, A and Bednarczyk, P and B{\"u}rger, A and Curien, D and Gangopadhyay, G and Herskind, B and Jensen, DR and others},
  journal   = {The European Physical Journal A-Hadrons and Nuclei},
  volume    = {24},
  number    = {2},
  pages     = {167--172},
  year      = {2005},
  publisher = {Springer}
}

@article{hartley2009wobbling,
  title     = {Wobbling mode in Ta 167},
  author    = {Hartley, DJ and Janssens, RVF and Riedinger, LL and Riley, MA and Aguilar, A and Carpenter, MP and Chiara, CJ and Chowdhury, P and Darby, IG and Garg, U and others},
  journal   = {Physical Review C},
  volume    = {80},
  number    = {4},
  pages     = {041304},
  year      = {2009},
  publisher = {APS}
}

@article{amro2003wobbling,
  title     = {The wobbling mode in 167Lu},
  author    = {Amro, H and Ma, WC and Hagemann, GB and Diamond, RM and Domscheit, J and Fallon, P and G{\"o}rgen, A and Herskind, B and H{\"u}bel, H and Jensen, DR and others},
  journal   = {Physics Letters B},
  volume    = {553},
  number    = {3-4},
  pages     = {197--203},
  year      = {2003},
  publisher = {Elsevier}
}

@article{schonwasser2003one,
  title     = {One-and two-phonon wobbling excitations in triaxial 165Lu},
  author    = {Sch{\"o}nwa{\ss}er, G and H{\"u}bel, H and Hagemann, GB and Bednarczyk, P and Benzoni, G and Bracco, A and Bringel, P and Chapman, R and Curien, D and Domscheit, J and others},
  journal   = {Physics Letters B},
  volume    = {552},
  number    = {1-2},
  pages     = {9--16},
  year      = {2003},
  publisher = {Elsevier}
}

@article{bengtsson1979quasiparticle,
  title     = {Quasiparticle spectra near the yrast line},
  author    = {Bengtsson, R and Frauendorf, S},
  journal   = {Nuclear Physics A},
  volume    = {327},
  number    = {1},
  pages     = {139--171},
  year      = {1979},
  publisher = {Elsevier}
}

@article{moller2006global,
  title     = {Global calculations of ground-state axial shape asymmetry of nuclei},
  author    = {M{\"o}ller, Peter and Bengtsson, Ragnar and Carlsson, B Gillis and Olivius, Peter and Ichikawa, Takatoshi},
  journal   = {Physical review letters},
  volume    = {97},
  number    = {16},
  pages     = {162502},
  year      = {2006},
  publisher = {APS}
}

@article{moller2009heavy,
  title     = {Heavy-element fission barriers},
  author    = {M{\"o}ller, Peter and Sierk, Arnold J and Ichikawa, Takatoshi and Iwamoto, Akira and Bengtsson, Ragnar and Uhrenholt, Henrik and {\AA}berg, Sven},
  journal   = {Physical Review C},
  volume    = {79},
  number    = {6},
  pages     = {064304},
  year      = {2009},
  publisher = {APS}
}

@article{hamamoto1988triaxial,
  title     = {Triaxial deformation in odd-Z light rare-earth nuclei},
  author    = {Hamamoto, I and Sagawa, H},
  journal   = {Physics Letters B},
  volume    = {201},
  number    = {4},
  pages     = {415--419},
  year      = {1988},
  publisher = {Elsevier}
}

@article{bengtsson1984signature,
  title     = {Signature inversion—A fingerprint of triaxiality},
  author    = {Bengtsson, R and Frisk, H and May, FR and Pinston, JA},
  journal   = {Nuclear Physics A},
  volume    = {415},
  number    = {2},
  pages     = {189--214},
  year      = {1984},
  publisher = {Elsevier}
}

@article{stachel1982triaxiality,
  title     = {Triaxiality and its dynamics in 104Ru investigated by multiple Coulomb excitation},
  author    = {Stachel, J and Kaffrell, N and Grosse, E and Emling, H and Folger, H and Kulessa, R and Schwalm, D},
  journal   = {Nuclear Physics A},
  volume    = {383},
  number    = {3},
  pages     = {429--467},
  year      = {1982},
  publisher = {Elsevier}
}

@article{frauendorf1997tilted,
  title     = {Tilted rotation of triaxial nuclei},
  author    = {Frauendorf, Stefan and Meng, Jie},
  journal   = {Nuclear Physics A},
  volume    = {617},
  number    = {2},
  pages     = {131--147},
  year      = {1997},
  publisher = {Elsevier}
}

@article{xiong2019nuclear,
  title     = {Nuclear chiral doublet bands data tables},
  author    = {Xiong, BW and Wang, YY},
  journal   = {Atomic Data and Nuclear Data Tables},
  volume    = {125},
  pages     = {193--225},
  year      = {2019},
  publisher = {Elsevier}
}

@article{dimitrov2000chirality,
  title     = {Chirality of nuclear rotation},
  author    = {Dimitrov, VI and Frauendorf, S and D{\"o}nau, F},
  journal   = {Physical review letters},
  volume    = {84},
  number    = {25},
  pages     = {5732},
  year      = {2000},
  publisher = {APS}
}

@article{koike2003systematic,
  title     = {Systematic search of h 1 1/2 and h 1 1/2 chiral doublet bands and role of triaxiality in odd-odd Z= 55 isotopes: 1 2 8, 1 3 0, 1 3 2, 1 3 4 Cs},
  author    = {Koike, T and Starosta, K and Chiara, CJ and Fossan, DB and LaFosse, DR},
  journal   = {Physical Review C},
  volume    = {67},
  number    = {4},
  pages     = {044319},
  year      = {2003},
  publisher = {APS}
}

@article{meng2006possible,
  title     = {Possible existence of multiple chiral doublets in Rh 106},
  author    = {Meng, J and Peng, J and Zhang, SQ and Zhou, S-G},
  journal   = {Physical Review C},
  volume    = {73},
  number    = {3},
  pages     = {037303},
  year      = {2006},
  publisher = {APS}
}

@article{raduta2016new,
  title     = {New type of chiral motion in even--even nuclei: the 138Nd case},
  author    = {Raduta, AA and Raduta, Al H and Petrache, CM},
  journal   = {Journal of Physics G: Nuclear and Particle Physics},
  volume    = {43},
  number    = {9},
  pages     = {095107},
  year      = {2016},
  publisher = {IOP Publishing}
}

@article{lv2019chirality,
  title     = {Chirality of Nd 135 reexamined: Evidence for multiple chiral doublet bands},
  author    = {Lv, BF and Petrache, CM and Chen, QB and Meng, J and Astier, A and Dupont, E and Greenlees, P and Badran, H and Calverley, T and Cox, DM and others},
  journal   = {Physical Review C},
  volume    = {100},
  number    = {2},
  pages     = {024314},
  year      = {2019},
  publisher = {APS}
}

@article{petrache2018evidence,
  title     = {Evidence of chiral bands in even-even nuclei},
  author    = {Petrache, CM and Lv, BF and Astier, A and Dupont, E and Wang, YK and Zhang, SQ and Zhao, PW and Ren, ZX and Meng, J and Greenlees, PT and others},
  journal   = {Physical Review C},
  volume    = {97},
  number    = {4},
  pages     = {041304},
  year      = {2018},
  publisher = {APS}
}

@book{bohr1998nuclear,
  title     = {Nuclear Structure (In 2 Volumes)},
  author    = {Bohr, Aage Niels and Mottelson, Ben R},
  year      = {1998},
  publisher = {World Scientific Publishing Company}
}

@article{hagemann2003quantized,
  title     = {Quantized wobbling in nuclei},
  author    = {Hagemann, Gudrun B and Hamamoto, Ikuko},
  journal   = {Nuclear Physics News},
  volume    = {13},
  number    = {3},
  pages     = {20--24},
  year      = {2003},
  publisher = {Taylor \& Francis}
}

@article{odegaard2001evidence,
  title     = {Evidence for the wobbling mode in nuclei},
  author    = {{\O}deg{\aa}rd, SW and Hagemann, GB and Jensen, DR},
  journal   = {Physical review letters},
  volume    = {86},
  number    = {26},
  pages     = {5866},
  year      = {2001},
  publisher = {APS}
}

@article{jensen2002evidence,
  title     = {Evidence for second-phonon nuclear wobbling},
  author    = {Jensen, DR and Hagemann, GB and Hamamoto, I},
  journal   = {Physical review letters},
  volume    = {89},
  number    = {14},
  pages     = {142503},
  year      = {2002},
  publisher = {APS}
}

@article{jensen2002wobbling,
  title     = {Wobbling phonon excitations, coexisting with normal deformed structures in 163Lu},
  author    = {Jensen, D and Hagemann, GB and Hamamoto, I},
  journal   = {Nuclear Physics A},
  volume    = {703},
  number    = {1-2},
  pages     = {3--44},
  year      = {2002},
  publisher = {Elsevier}
}

@article{schnack1995superdeformed,
  title     = {Superdeformed triaxial bands in 163,165 Lu},
  author    = {Schnack-Petersen, H and Bengtsson, Ragnar and Bark, RA and Bosetti, P and Brockstedt, A and Carlsson, H and Ekstr{\"o}m, LP and Hagemann, GB and Herskind, B and Ingebretsen, F and others},
  journal   = {Nuclear Physics A},
  volume    = {594},
  number    = {2},
  pages     = {175--202},
  year      = {1995},
  publisher = {Elsevier}
}

@article{biswas2019longitudinal,
  title     = {Longitudinal wobbling in 133 La},
  author    = {Biswas, S and Palit, R and Frauendorf, S and Garg, U and Li, W and Bhat, GH and Sheikh, JA and Sethi, J and Saha, S and Singh, Purnima and others},
  journal   = {The European Physical Journal A},
  volume    = {55},
  number    = {9},
  pages     = {1--7},
  year      = {2019},
  publisher = {Springer}
}

@incollection{matta2017transverse,
  title     = {Transverse Wobbling in 135 Pr},
  author    = {Matta, James Till},
  booktitle = {Exotic Nuclear Excitations: The Transverse Wobbling Mode in 135 Pr},
  pages     = {77--93},
  year      = {2017},
  publisher = {Springer}
}

@article{sensharma2019two,
  title     = {Two-phonon wobbling in 135Pr},
  author    = {Sensharma, N and Garg, U and Zhu, S and Ayangeakaa, AD and Frauendorf, S and Li, W and Bhat, GH and Sheikh, JA and Carpenter, MP and Chen, QB and others},
  journal   = {Physics Letters B},
  volume    = {792},
  pages     = {170--174},
  year      = {2019},
  publisher = {Elsevier}
}

@article{chakraborty2020multiphonon,
  title     = {Multiphonon longitudinal wobbling in 127Xe},
  author    = {Chakraborty, S and Sharma, HP and Tiwary, SS and Majumder, C and Gupta, AK and Banerjee, P and Ganguly, S and Rai, S and Kumar, S and Kumar, A and others},
  journal   = {Physics Letters B},
  volume    = {811},
  pages     = {135854},
  year      = {2020},
  publisher = {Elsevier}
}

@article{timar2019experimental,
  title     = {Experimental Evidence for Transverse Wobbling in Pd 105},
  author    = {Tim{\'a}r, J and Chen, QB and Kruzsicz, B and Sohler, D and Kuti, I and Zhang, SQ and Meng, J and Joshi, P and Wadsworth, R and Starosta, K and others},
  journal   = {Physical review letters},
  volume    = {122},
  number    = {6},
  pages     = {062501},
  year      = {2019},
  publisher = {APS}
}

@article{nandi2020first,
  title     = {First Observation of Multiple Transverse Wobbling Bands of Different Kinds in Au 183},
  author    = {Nandi, S and Mukherjee, G and Chen, QB and Frauendorf, S and Banik, R and Bhattacharya, Soumik and Dar, Shabir and Bhattacharyya, S and Bhattacharya, C and Chatterjee, S and others},
  journal   = {Physical Review Letters},
  volume    = {125},
  number    = {13},
  pages     = {132501},
  year      = {2020},
  publisher = {APS}
}

@article{sensharma2020longitudinal,
  title     = {Longitudinal Wobbling Motion in Au 187},
  author    = {Sensharma, N and Garg, U and Chen, QB and Frauendorf, S and Burdette, DP and Cozzi, JL and Howard, KB and Zhu, S and Carpenter, MP and Copp, P and others},
  journal   = {Physical review letters},
  volume    = {124},
  number    = {5},
  pages     = {052501},
  year      = {2020},
  publisher = {APS}
}

@article{guo2020risk,
  title   = {Risk of misinterpretation of low-spin non-yrast bands as wobbling bands},
  author  = {Guo, S and Zhou, XH and Petrache, CM and Lawrie, EA and Mthembu, S and Fang, YD and Wu, HY and Wang, HL and Meng, HY and Li, GS and others},
  journal = {arXiv preprint arXiv:2011.14354},
  year    = {2020}
}

@article{hamilton2010super,
  title     = {Super deformation to maximum triaxiality in A= 100--112; superdeformation, chiral bands and wobbling motion},
  author    = {Hamilton, JH and Zhu, SJ and Luo, YX and Ramayya, AV and Frauendorf, S and Rasmussen, JO and Hwang, JK and Liu, SH and Ter-Akopian, GM and Daniel, AV and others},
  journal   = {Nuclear Physics A},
  volume    = {834},
  number    = {1-4},
  pages     = {28c--31c},
  year      = {2010},
  publisher = {North-Holland}
}

@incollection{luo2013triaxial,
  title     = {Triaxial and Triaxial Softness in Neutron Rich ru and pd Nuclei},
  author    = {Luo, YX and Hamilton, JH and Ramaya, AV and Hwang, JK and Liu, SH and Rasmussen, JO and Frauendorf, S and Ter-Akopian, GM and Daniel, AV and Oganessian, Yu Ts and others},
  booktitle = {Exotic Nuclei: EXON-2012},
  pages     = {215--224},
  year      = {2013},
  publisher = {World Scientific}
}

@article{petrache2019diversity,
  title     = {Diversity of shapes and rotations in the $\gamma$-soft 130Ba nucleus: First observation of a t-band in the A= 130 mass region},
  author    = {Petrache, CM and Walker, PM and Guo, S and Chen, QB and Frauendorf, S and Liu, YX and Wyss, RA and Mengoni, D and Qiang, YH and Astier, A and others},
  journal   = {Physics Letters B},
  volume    = {795},
  pages     = {241--247},
  year      = {2019},
  publisher = {Elsevier}
}

@article{wang2020two,
  title     = {Two quasiparticle wobbling in the even-even nucleus 130Ba},
  author    = {Wang, YK and Chen, FQ and Zhao, PW},
  journal   = {Physics Letters B},
  volume    = {802},
  pages     = {135246},
  year      = {2020},
  publisher = {Elsevier}
}

@article{chen2019transverse,
  title     = {Transverse wobbling in an even-even nucleus},
  author    = {Chen, QB and Frauendorf, S and Petrache, CM},
  journal   = {Physical Review C},
  volume    = {100},
  number    = {6},
  pages     = {061301},
  year      = {2019},
  publisher = {APS}
}

@article{frauendorf2014transverse,
  title     = {Transverse wobbling: A collective mode in odd-A triaxial nuclei},
  author    = {Frauendorf, S and D{\"o}nau, F},
  journal   = {Physical Review C},
  volume    = {89},
  number    = {1},
  pages     = {014322},
  year      = {2014},
  publisher = {APS}
}

@article{hamamoto2002wobbling,
  title     = {Wobbling excitations in odd-A nuclei with high-j aligned particles},
  author    = {Hamamoto, Ikuko},
  journal   = {Physical Review C},
  volume    = {65},
  number    = {4},
  pages     = {044305},
  year      = {2002},
  publisher = {APS}
}

@article{tanabe2006algebraic,
  title     = {Algebraic description of triaxially deformed rotational bands in odd mass nuclei},
  author    = {Tanabe, Kosai and Sugawara-Tanabe, Kazuko},
  journal   = {Physical Review C},
  volume    = {73},
  number    = {3},
  pages     = {034305},
  year      = {2006},
  publisher = {APS}
}

@article{wen2015wobbling,
  title     = {Wobbling geometry in a simple triaxial rotor},
  author    = {Wen-Xian, Shi and Qi-Bo, Chen},
  journal   = {Chinese Physics C},
  volume    = {39},
  number    = {5},
  pages     = {054105},
  year      = {2015},
  publisher = {IOP Publishing}
}

@article{davydov1958rotational,
  title     = {Rotational states in even atomic nuclei},
  author    = {Davydov, AS and Filippov, GF},
  journal   = {Nuclear Physics},
  volume    = {8},
  pages     = {237--249},
  year      = {1958},
  publisher = {Elsevier}
}

@article{shimizu1995nuclear,
  title     = {Nuclear wobbling motion and electromagnetic transitions},
  author    = {Shimizu, Yoshifumi R and Matsuzaki, Masayuki},
  journal   = {Nuclear Physics A},
  volume    = {588},
  number    = {3},
  pages     = {559--596},
  year      = {1995},
  publisher = {Elsevier}
}

@article{matsuzaki2002wobbling,
  title     = {Wobbling motion in atomic nuclei with positive-$\gamma$ shapes},
  author    = {Matsuzaki, Masayuki and Shimizu, Yoshifumi R and Matsuyanagi, Kenichi},
  journal   = {Physical Review C},
  volume    = {65},
  number    = {4},
  pages     = {041303},
  year      = {2002},
  publisher = {APS}
}

@article{matsuzaki2003dynamical,
  title     = {Dynamical moments of inertia associated with wobbling motion in the triaxial superdeformed nucleus},
  author    = {Matsuzaki, Masayuki and Shimizu, Yoshifumi R and Matsuyanagi, Kenichi},
  journal   = {The European Physical Journal A-Hadrons and Nuclei},
  volume    = {20},
  number    = {1},
  pages     = {189--190},
  year      = {2003},
  publisher = {Springer}
}

@article{matsuzaki2004instability,
  title     = {Instability of nuclear wobbling motion and tilted axis rotation},
  author    = {Matsuzaki, Masayuki and Ohtsubo, Shin-Ichi},
  journal   = {Physical Review C},
  volume    = {69},
  number    = {6},
  pages     = {064317},
  year      = {2004},
  publisher = {APS}
}

@article{matsuzaki2004nuclear,
  title     = {Nuclear moments of inertia and wobbling motions in triaxial superdeformed nuclei},
  author    = {Matsuzaki, Masayuki and Shimizu, Yoshifumi R and Matsuyanagi, Kenichi},
  journal   = {Physical Review C},
  volume    = {69},
  number    = {3},
  pages     = {034325},
  year      = {2004},
  publisher = {APS}
}

@article{shimizu2005high,
  title     = {High-K precession modes: Axially symmetric limit of wobbling motion in the cranked random-phase approximation description},
  author    = {Shimizu, Yoshifumi R and Matsuzaki, Masayuki and Matsuyanagi, Kenichi},
  journal   = {Physical Review C},
  volume    = {72},
  number    = {1},
  pages     = {014306},
  year      = {2005},
  publisher = {APS}
}

@article{shimizu2008parametrizations,
  title     = {Parametrizations of triaxial deformation and E 2 transitions of the wobbling band},
  author    = {Shimizu, Yoshifumi R and Shoji, Takuya and Matsuzaki, Masayuki},
  journal   = {Physical Review C},
  volume    = {77},
  number    = {2},
  pages     = {024319},
  year      = {2008},
  publisher = {APS}
}

@article{shoji2009microscopic,
  title     = {Microscopic calculation of the wobbling excitations employing the Woods-Saxon potential as a nuclear mean-field},
  author    = {Shoji, Takuya and Shimizu, Yoshifumi R},
  journal   = {Progress of theoretical physics},
  volume    = {121},
  number    = {2},
  pages     = {319--355},
  year      = {2009},
  publisher = {Oxford University Press}
}

@article{chen2014collective,
  title     = {Collective Hamiltonian for wobbling modes},
  author    = {Chen, QB and Zhang, SQ and Zhao, PW and Meng, J},
  journal   = {Physical Review C},
  volume    = {90},
  number    = {4},
  pages     = {044306},
  year      = {2014},
  publisher = {APS}
}

@article{chen2016wobbling,
  title     = {Wobbling motion in Pr 135 within a collective Hamiltonian},
  author    = {Chen, QB and Zhang, SQ and Meng, J and others},
  journal   = {Physical Review C},
  volume    = {94},
  number    = {5},
  pages     = {054308},
  year      = {2016},
  publisher = {APS}
}

@article{mukhopadhyay2007chiral,
  title     = {From Chiral Vibration to Static Chirality in Nd 135},
  author    = {Mukhopadhyay, S and Almehed, D and Garg, U and Frauendorf, S and Li, T and Rao, PV Madhusudhana and Wang, X and Ghugre, SS and Carpenter, MP and Gros, S and others},
  journal   = {Physical review letters},
  volume    = {99},
  number    = {17},
  pages     = {172501},
  year      = {2007},
  publisher = {APS}
}

@article{qi2009chirality,
  title     = {Chirality in odd-A nucleus 135Nd in particle rotor model},
  author    = {Qi, Bin and Zhang, SQ and Meng, J and Wang, SY and Frauendorf, S},
  journal   = {Physics Letters B},
  volume    = {675},
  number    = {2},
  pages     = {175--180},
  year      = {2009},
  publisher = {Elsevier}
}

@article{oi2000wobbling,
  title     = {Wobbling motion in the multi-bands crossing region},
  author    = {Oi, Makito and Ansari, Ahmad and Horibata, Takatoshi and Onishi, Naoki},
  journal   = {Physics Letters B},
  volume    = {480},
  number    = {1-2},
  pages     = {53--60},
  year      = {2000},
  publisher = {Elsevier}
}

@article{raduta2017semiclassical,
  title     = {Semiclassical unified description of wobbling motion in even-even and even-odd nuclei},
  author    = {Raduta, AA and Poenaru, R and Ixaru, L Gr},
  journal   = {Physical Review C},
  volume    = {96},
  number    = {5},
  pages     = {054320},
  year      = {2017},
  publisher = {APS}
}

@article{raduta2020new,
  title     = {A new boson approach for the wobbling motion in even--odd nuclei},
  author    = {Raduta, AA and Raduta, CM and Poenaru, R},
  journal   = {Journal of Physics G: Nuclear and Particle Physics},
  volume    = {48},
  number    = {1},
  pages     = {015106},
  year      = {2020},
  publisher = {IOP Publishing}
}

@article{tanabe1971triaxiality,
  title     = {Triaxiality in nuclear rotational states},
  author    = {Tanabe, K and Sugawara-Tanabe, K},
  journal   = {Physics Letters B},
  volume    = {34},
  number    = {7},
  pages     = {575--578},
  year      = {1971},
  publisher = {Elsevier}
}

@article{tanabe2008selection,
  title     = {Selection rules for electromagnetic transitions in triaxially deformed odd-A nuclei},
  author    = {Tanabe, Kosai and Sugawara-Tanabe, Kazuko},
  journal   = {Physical Review C},
  volume    = {77},
  number    = {6},
  pages     = {064318},
  year      = {2008},
  publisher = {APS}
}

@article{shimada2018rotational,
  title     = {Rotational motion of triaxially deformed nuclei studied by the microscopic angular-momentum-projection method. I. Nuclear wobbling motion},
  author    = {Shimada, Mitsuhiro and Fujioka, Yudai and Tagami, Shingo and Shimizu, Yoshifumi R},
  journal   = {Physical Review C},
  volume    = {97},
  number    = {2},
  pages     = {024318},
  year      = {2018},
  publisher = {APS}
}

@article{hara1995projected,
  title     = {Projected shell model and high-spin spectroscopy},
  author    = {Hara, Kenji and Sun, Yang},
  journal   = {International Journal of Modern Physics E},
  volume    = {4},
  number    = {04},
  pages     = {637--785},
  year      = {1995},
  publisher = {World Scientific}
}

@article{zhao2016configuration,
  title     = {Configuration interaction in symmetry-conserving covariant density functional theory},
  author    = {Zhao, PW and Ring, P and Meng, J},
  journal   = {Physical Review C},
  volume    = {94},
  number    = {4},
  pages     = {041301},
  year      = {2016},
  publisher = {APS}
}


@article{konieczka2018gamow,
  title     = {Gamow-Teller response in the configuration space of a density-functional-theory--rooted no-core configuration-interaction model},
  author    = {Konieczka, M and Kortelainen, Markus and Satu{\l}a, W},
  journal   = {Physical Review C},
  volume    = {97},
  number    = {3},
  pages     = {034310},
  year      = {2018},
  publisher = {APS}
}

@article{raduta2007semiclassical,
  title     = {Semiclassical description of a triaxial rigid rotor},
  author    = {Raduta, AA and Budaca, R and Raduta, CM},
  journal   = {Physical Review C},
  volume    = {76},
  number    = {6},
  pages     = {064309},
  year      = {2007},
  publisher = {APS}
}

@article{raduta2018wobbling,
  title     = {Wobbling motion in Lu within a semi-classical framework},
  author    = {Raduta, AA and Poenaru, R and Raduta, Al H},
  journal   = {Journal of Physics G: Nuclear and Particle Physics},
  volume    = {45},
  number    = {10},
  pages     = {105104},
  year      = {2018},
  publisher = {IOP Publishing}
}

@article{budaca2018tilted,
  title     = {Tilted-axis wobbling in odd-mass nuclei},
  author    = {Budaca, R},
  journal   = {Physical Review C},
  volume    = {97},
  number    = {2},
  pages     = {024302},
  year      = {2018},
  publisher = {APS}
}

@article{raduta2020towards,
  title     = {Towards a new semi-classical interpretation of the wobbling motion in 163Lu},
  author    = {Raduta, AA and Poenaru, R and Raduta, CM},
  journal   = {Journal of Physics G: Nuclear and Particle Physics},
  volume    = {47},
  number    = {2},
  pages     = {025101},
  year      = {2020},
  publisher = {IOP Publishing}
}

@article{raduta2020approach,
  title     = {New approach for the wobbling motion in the even-odd isotopes Lu 161, 163, 165, 167},
  author    = {Raduta, AA and Poenaru, R and Raduta, CM},
  journal   = {Physical Review C},
  volume    = {101},
  number    = {1},
  pages     = {014302},
  year      = {2020},
  publisher = {APS}
}

@article{bengtsson1990high,
  title     = {The high-spin structure of 158Er: A theoretical study},
  author    = {Bengtsson, Tord},
  journal   = {Nuclear Physics A},
  volume    = {512},
  number    = {1},
  pages     = {124--148},
  year      = {1990},
  publisher = {Elsevier}
}

@article{gorgen2004quadrupole,
  title     = {Quadrupole moments of wobbling excitations in Lu 163},
  author    = {G{\"o}rgen, A and Clark, RM and Cromaz, M and Fallon, P and Hagemann, GB and H{\"u}bel, H and Lee, IY and Macchiavelli, AO and Sletten, G and Ward, D and others},
  journal   = {Physical Review C},
  volume    = {69},
  number    = {3},
  pages     = {031301},
  year      = {2004},
  publisher = {APS}
}

@article{hagemann2005triaxiality,
  title   = {Triaxiality and wobbling},
  author  = {Hagemann, GB},
  journal = {Acta Physica Polonica B},
  volume  = {36},
  number  = {4},
  pages   = {1043},
  year    = {2005}
}

@article{jensen2004coexisting,
  title     = {Coexisting wobbling and quasiparticle excitations in the triaxial potential well of 163 Lu},
  author    = {Jensen, DR and Hagemann, GB and Hamamoto, I and Herskind, B and Sletten, G and Wilson, JN and {\O}deg{\aa}rd, SW and Spohr, K and H{\"u}bel, H and Bringel, P and others},
  journal   = {The European Physical Journal A-Hadrons and Nuclei},
  volume    = {19},
  number    = {2},
  pages     = {173--185},
  year      = {2004},
  publisher = {Springer}
}

@article{tanabe2017stability,
  title     = {Stability of the wobbling motion in an odd-mass nucleus and the analysis of Pr 135},
  author    = {Tanabe, Kosai and Sugawara-Tanabe, Kazuko},
  journal   = {Physical Review C},
  volume    = {95},
  number    = {6},
  pages     = {064315},
  year      = {2017},
  publisher = {APS}
}

@article{frauendorf2018comment,
  title     = {Comment on “Stability of the wobbling motion in an odd-mass nucleus and the analysis of Pr 135”},
  author    = {Frauendorf, S},
  journal   = {Physical Review C},
  volume    = {97},
  number    = {6},
  pages     = {069801},
  year      = {2018},
  publisher = {APS}
}

@article{tanabe2018reply,
  title     = {Reply to “Comment on ‘Stability of the wobbling motion in an odd-mass nucleus and the analysis of Pr 135’”},
  author    = {Tanabe, Kosai and Sugawara-Tanabe, Kazuko},
  journal   = {Physical Review C},
  volume    = {97},
  number    = {6},
  pages     = {069802},
  year      = {2018},
  publisher = {APS}
}

@article{sun1994varied,
  title     = {Varied signature splitting phenomena in odd proton nuclei},
  author    = {Sun, Yang and Wen, Shuxian and others},
  journal   = {Physical Review C},
  volume    = {50},
  number    = {5},
  pages     = {2351},
  year      = {1994},
  publisher = {APS}
}

@article{khalaf11properties,
  title   = {Properties of signature partner superdeformed bands in mercury nuclei},
  author  = {Khalaf, AM and Yassin, Hayam and Elyazeed, Eman R Abo},
  journal = {Journal: JOURNAL OF ADVANCES IN PHYSICS},
  volume  = {11},
  year    = {2015},
  number  = {1}
}

@article{uma2015deltai,
  title     = {$\Delta$I= 1 staggering in signature partner pairs of super-deformed rotational bands in the A= 190 mass region},
  author    = {Uma, VS and Goel, Alpana},
  journal   = {The European Physical Journal Plus},
  volume    = {130},
  number    = {6},
  pages     = {1--6},
  year      = {2015},
  publisher = {Springer}
}

@inproceedings{mittal2016signature,
  title     = {Signature partner pairs of superdeformed rotational bands in 192Tl},
  author    = {Mittal, HM and Dadwal, Anshul},
  booktitle = {Proceedings of the DAE-BRNS Symp. on Nucl. Phys},
  volume    = {61},
  pages     = {134},
  year      = {2016}
}

@article{hamamoto1983intrinsic,
  title     = {On the intrinsic spectra of rotating nuclei with tri-axial shape},
  author    = {Hamamoto, Ikuko and Mottelson, Ben},
  journal   = {Physics Letters B},
  volume    = {127},
  number    = {5},
  pages     = {281--285},
  year      = {1983},
  publisher = {Elsevier}
}

@article{hamamoto1987rotational,
  title     = {Rotational motion of triaxial shape in unfavoured-signature states of odd-A nuclei},
  author    = {Hamamoto, Ikuko},
  journal   = {Physics Letters B},
  volume    = {193},
  number    = {4},
  pages     = {399--404},
  year      = {1987},
  publisher = {Elsevier}
}

@article{hamamoto2016interplay,
  title     = {Interplay between one-particle and collective degrees of freedom in nuclei},
  author    = {Hamamoto, Ikuko},
  journal   = {Physica Scripta},
  volume    = {91},
  number    = {2},
  pages     = {023004},
  year      = {2016},
  publisher = {IOP Publishing}
}

@article{torilov2004spectroscopy,
  title     = {Spectroscopy of 40 Ca and negative-parity bands},
  author    = {Torilov, S and Thummerer, S and Von Oertzen, W and Kokalova, Tz and De Angelis, G and Bohlen, HG and Tumino, A and Axiotis, M and Farnea, E and Marginean, N and others},
  journal   = {The European Physical Journal A-Hadrons and Nuclei},
  volume    = {19},
  number    = {3},
  pages     = {307--317},
  year      = {2004},
  publisher = {Springer}
}

@article{debray2000alternating,
  title     = {Alternating parity bands in 87 218 Fr},
  author    = {Debray, ME and Cardona, MA and Hojman, D and Kreiner, AJ and Davidson, M and Davidson, J and Somacal, H and Levinton, G and Napoli, DR and Lenzi, S and others},
  journal   = {Physical Review C},
  volume    = {62},
  number    = {2},
  pages     = {024304},
  year      = {2000},
  publisher = {APS}
}

@article{radutaa2009csm,
  title   = {The CSM extension for the description of positive and negative parity bands in even-odd nuclei},
  author  = {Radutaa, AA and Radutab, CM},
  journal = {arXiv preprint arXiv:0903.0076},
  year    = {2009}
}

@article{raduta2011simultaneous,
  title   = {Simultaneous Description of Positive and Negative Parity Bands in Even-Even and Even-Odd Nuclei},
  author  = {Raduta, AA and Raduta, CM},
  journal = {Annals of the University of Craiova, Physics},
  volume  = {21},
  number  = {1},
  pages   = {28--53},
  year    = {2011}
}

@article{meyer1975collective,
  title     = {Collective model description of transitional odd-A nuclei:(I). The triaxial-rotor-plus-particle model},
  author    = {Meyer-ter-Vehn, J},
  journal   = {Nuclear Physics A},
  volume    = {249},
  number    = {1},
  pages     = {111--140},
  year      = {1975},
  publisher = {Elsevier}
}

@article{peng2003description,
  title     = {Description of chiral doublets in A~ 130 nuclei and the possible chiral doublets in A~ 100 nuclei},
  author    = {Peng, J and Meng, J and Zhang, SQ},
  journal   = {Physical Review C},
  volume    = {68},
  number    = {4},
  pages     = {044324},
  year      = {2003},
  publisher = {APS}
}

@article{koike2004chiral,
  title     = {Chiral bands, dynamical spontaneous symmetry breaking, and the selection rule for electromagnetic transitions in the chiral geometry},
  author    = {Koike, T and Starosta, K and Hamamoto, I},
  journal   = {Physical review letters},
  volume    = {93},
  number    = {17},
  pages     = {172502},
  year      = {2004},
  publisher = {APS}
}

@article{wang2007doublet,
  title     = {Doublet bands in Cs 126 in the triaxial rotor model coupled with two quasiparticles},
  author    = {Wang, SY and Zhang, SQ and Qi, B and Meng, J},
  journal   = {Physical Review C},
  volume    = {75},
  number    = {2},
  pages     = {024309},
  year      = {2007},
  publisher = {APS}
}

@article{reich2010nuclear,
  title     = {Nuclear Data Sheets for A= 163},
  author    = {Reich, CW and Singh, Balraj},
  journal   = {Nuclear Data Sheets},
  volume    = {111},
  number    = {5},
  pages     = {1211--1469},
  year      = {2010},
  publisher = {Elsevier}
}

@article{chasman1980incipient,
  title     = {Incipient octupole deformation and parity doublets in the odd mass light actinides},
  author    = {Chasman, RR},
  journal   = {Physics Letters B},
  volume    = {96},
  number    = {1-2},
  pages     = {7--10},
  year      = {1980},
  publisher = {Elsevier}
}

@article{raduta2006description,
  title     = {Description of positive and negative parity dipole bands within the extended coherent state model},
  author    = {Raduta, AA and Raduta, CM and Faessler, Amand},
  journal   = {Physics Letters B},
  volume    = {635},
  number    = {2-3},
  pages     = {80--84},
  year      = {2006},
  publisher = {Elsevier}
}

@article{raduta2006simultaneous,
  title     = {Simultaneous description of four positive parity bands and four negative parity bands},
  author    = {Raduta, AA and Raduta, Al H and Raduta, CM},
  journal   = {Physical Review C},
  volume    = {74},
  number    = {4},
  pages     = {044312},
  year      = {2006},
  publisher = {APS}
}

@article{shou2009coupling,
  title     = {Coupling parameter in the single-j shell model},
  author    = {Shou-Yu, Wang and Bin, Qi and Shuang-Quan, Zhang},
  journal   = {Chinese Physics Letters},
  volume    = {26},
  number    = {5},
  pages     = {052102},
  year      = {2009},
  publisher = {IOP Publishing}
}

@article{lawrie2020tilted,
  title     = {Tilted precession and wobbling in triaxial nuclei},
  author    = {Lawrie, EA and Shirinda, O and Petrache, CM},
  journal   = {Physical Review C},
  volume    = {101},
  number    = {3},
  pages     = {034306},
  year      = {2020},
  publisher = {APS}
}

@article{petrache_2018,
  title   = {Search for transverse wobbling and chiral bands in 131Ba},
  journal = {LNL Annual Report},
  author  = {Petrache, C M},
  year    = {2018},
  url     = {http://192.135.30.229/~annrep/read_ar/2017/pdfs/053_B_11_B06.pdf}
}

@book{greiner1996nuclear,
  title     = {Nuclear models},
  author    = {Greiner, Walter and Maruhn, Joachim A},
  year      = {1996},
  publisher = {Springer}
}

@article{morinaga1963gamma,
  title     = {Gamma rays following ($\alpha$, xn) reactions},
  author    = {Morinaga, H and Gugelot, PC},
  journal   = {Nuclear Physics},
  volume    = {46},
  pages     = {210--224},
  year      = {1963},
  publisher = {Elsevier}
}

@book{ring2004nuclear,
  title     = {The nuclear many-body problem},
  author    = {Ring, Peter and Schuck, Peter},
  year      = {2004},
  publisher = {Springer Science \& Business Media}
}
@book{bohr1954rotational,
  title     = {Rotational states of atomic nuclei},
  author    = {Bohr, Aage},
  year      = {1954},
  publisher = {Munksgaard}
}

@article{andersson1976nuclear,
  title     = {Nuclear shell structure at very high angular momentum},
  author    = {Andersson, G and Larsson, SE and Leander, G and M{\"o}ller, P and Nilsson, Sven G{\"o}sta and Ragnarsson, Ingemar and {\AA}berg, Sven and Bengtsson, R and Dudek, J and Nerlo-Pomorska, B and others},
  journal   = {Nuclear Physics A},
  volume    = {268},
  number    = {2},
  pages     = {205--256},
  year      = {1976},
  publisher = {Elsevier}
}
@book{matta2017exotic,
  title     = {Exotic Nuclear Excitations: The Transverse Wobbling Mode in 135 Pr},
  author    = {Matta, James Till},
  year      = {2017},
  publisher = {Springer}
}
@book{wong2008introductory,
  title     = {Introductory nuclear physics},
  author    = {Wong, Samuel SM},
  year      = {2008},
  publisher = {John Wiley \& Sons}
}

@article{hamamoto1983transition,
  title     = {Transition rates for a triaxial rotor plus a single quasi-particle},
  author    = {Hamamoto, I and Mottelson, BR},
  journal   = {Physics Letters B},
  volume    = {132},
  number    = {1-3},
  pages     = {7--10},
  year      = {1983},
  publisher = {Elsevier}
}
@article{myers1966nuclear,
  title     = {Nuclear masses and deformations},
  author    = {Myers, William D and Swiatecki, Wladyslaw J},
  journal   = {Nuclear Physics},
  volume    = {81},
  number    = {1},
  pages     = {1--60},
  year      = {1966},
  publisher = {Elsevier}
}
@book{bertulani2007nuclear,
  title     = {Nuclear physics in a nutshell},
  author    = {Bertulani, Carlos A},
  year      = {2007},
  publisher = {Princeton University Press}
}
@book{casten2000nuclear,
  title     = {Nuclear structure from a simple perspective},
  author    = {Casten, R and Casten, Richard F},
  volume    = {23},
  year      = {2000},
  publisher = {Oxford University Press on Demand}
}
@article{ragnarsson2005shapes,
  title   = {Shapes and shells in nuclear structure},
  author  = {Ragnarsson, Ingemar and Gvsta Nilsson, Sven},
  journal = {Shapes and Shells in Nuclear Structure},
  year    = {2005}
}
@book{lewis2019lifetime,
  title     = {Lifetime Measurements of Excited States in 163 W and the Properties of Multiparticle Configurations in 156 Lu},
  author    = {Lewis, Michael Christopher},
  year      = {2019},
  publisher = {The University of Liverpool (United Kingdom)}
}
@article{vogt2001simple,
  title     = {Simple parametrization of single-and two-nucleon separation energies in terms of the neutron to proton ratio N/Z},
  author    = {Vogt, Karsten and Hartmann, Timo and Zilges, Andreas},
  journal   = {Physics Letters B},
  volume    = {517},
  number    = {3-4},
  pages     = {255--260},
  year      = {2001},
  publisher = {Elsevier}
}
@article{wapstra2003ame2003,
  title     = {The Ame2003 atomic mass evaluation:(I). Evaluation of input data, adjustment procedures},
  author    = {Wapstra, AH and Audi, G and Thibault, C},
  journal   = {Nuclear physics A},
  volume    = {729},
  number    = {1},
  pages     = {129--336},
  year      = {2003},
  publisher = {Elsevier}
}
@article{audi2003ame2003,
  title     = {The AME2003 atomic mass evaluation:(II). Tables, graphs and references},
  author    = {Audi, Georges and Wapstra, AH and Thibault, C},
  journal   = {Nuclear physics A},
  volume    = {729},
  number    = {1},
  pages     = {337--676},
  year      = {2003},
  publisher = {Elsevier}
}
@article{raman2001transition,
  title     = {Transition probability from the ground to the first-excited 2+ state of even--even nuclides},
  author    = {Raman, Subramanyan and Nestor Jr, CW and Tikkanen, P},
  journal   = {Atomic Data and Nuclear Data Tables},
  volume    = {78},
  number    = {1},
  pages     = {1--128},
  year      = {2001},
  publisher = {Academic Press}
}
@article{weizsacker1935theorie,
  title     = {Zur theorie der kernmassen},
  author    = {Weizs{\"a}cker, CF von},
  journal   = {Zeitschrift f{\"u}r Physik},
  volume    = {96},
  number    = {7},
  pages     = {431--458},
  year      = {1935},
  publisher = {Springer-Verlag}
}
@book{krane1991introductory,
  title     = {Introductory nuclear physics},
  author    = {Krane, Kenneth S},
  year      = {1991},
  publisher = {John Wiley \& Sons}
}
@article{mayer1950nuclear,
  title     = {Nuclear configurations in the spin-orbit coupling model. II. Theoretical considerations},
  author    = {Mayer, Maria Goeppert},
  journal   = {Physical Review},
  volume    = {78},
  number    = {1},
  pages     = {22},
  year      = {1950},
  publisher = {APS}
}
@book{meng2016relativistic,
  title     = {Relativistic density functional for nuclear structure},
  author    = {Meng, Jie},
  volume    = {10},
  year      = {2016},
  publisher = {World Scientific}
}
@book{mayer1960elementary,
  title     = {Elementary theory of nuclear shell structure},
  author    = {Mayer, Maria Goeppert and Jensen, J Hans D},
  year      = {1960},
  publisher = {Wiley}
}
@article{moller1993nuclear,
  title   = {Nuclear ground-state masses and deformations},
  author  = {M{\"o}ller, Peter and Nix, JR and Myers, WD and Swiatecki, WJ},
  journal = {arXiv preprint nucl-th/9308022},
  year    = {1993}
}
@book{martin2017particle,
  title     = {Particle physics},
  author    = {Martin, Brian R and Shaw, Graham},
  year      = {2017},
  publisher = {John Wiley \& Sons}
}
@article{woods1954diffuse,
  title     = {Diffuse surface optical model for nucleon-nuclei scattering},
  author    = {Woods, Roger D and Saxon, David S},
  journal   = {Physical Review},
  volume    = {95},
  number    = {2},
  pages     = {577},
  year      = {1954},
  publisher = {APS}
}
@article{mariscotti1969phenomenological,
  title     = {Phenomenological analysis of ground-state bands in even-even nuclei},
  author    = {Mariscotti, Mo Ao J and Scharff-Goldhaber, Gertrude and Buck, Brian},
  journal   = {Physical Review},
  volume    = {178},
  number    = {4},
  pages     = {1864},
  year      = {1969},
  publisher = {APS}
}
@article{gallagher1958coupling,
  title     = {Coupling of angular momenta in odd-odd nuclei},
  author    = {Gallagher Jr, CJ and Moszkowski, SA},
  journal   = {Physical Review},
  volume    = {111},
  number    = {5},
  pages     = {1282},
  year      = {1958},
  publisher = {APS}
}
@article{nilsson1955binding,
  title   = {Binding states of individual nucleons in strongly deformed nuclei},
  author  = {Nilsson, Sven G{\"o}sta},
  journal = {Dan. Mat. Fys. Medd.},
  volume  = {29},
  number  = {CERN-55-30},
  pages   = {1--69},
  year    = {1955}
}
@techreport{gustafson1967nuclear,
  title       = {Nuclear deformabilities in the rare-earth and actinide regions with excursions off the stability line and into the super-heavy region},
  author      = {Gustafson, C and Lamm, IL and Nilsson, B and Nilsson, SG},
  year        = {1967},
  institution = {Lund Inst. of Tech., Sweden}
}
@phdthesis{das2018nuclear,
  title  = {Nuclear Structure Studies At High Angular Momentum In Mass 100 Region},
  author = {Das, Biswarup},
  year   = {2018},
  school = {HOMI BHABHA NATIONAL INSTITUTE}
}
@book{garnsworthy2007neutron,
  title     = {Neutron-proton interactions in heavy self-conjugate nuclei},
  author    = {Garnsworthy, Adam Benjamin},
  year      = {2007},
  publisher = {University of Surrey (United Kingdom)}
}
@article{bohr1953collective,
  title   = {Collective and individual-particle aspects of nuclear structure},
  author  = {Bohr, Aage Niels and Mottelson, Benjamin Roy},
  journal = {Dan. Mat. Fys. Medd.},
  volume  = {27},
  number  = {CERN-57-38},
  pages   = {1--174},
  year    = {1953}
}
@article{meitner1939disintegration,
  title={Disintegration of uranium by neutrons: a new type of nuclear reaction},
  author={Meitner, Lise and Frisch, Otto Robert},
  journal={Nature},
  volume={143},
  number={3615},
  pages={239--240},
  year={1939},
  publisher={Nature Publishing Group}
}
@article{bohr1939mechanism,
  title={The mechanism of nuclear fission},
  author={Bohr, Niels and Wheeler, John Archibald},
  journal={Physical Review},
  volume={56},
  number={5},
  pages={426},
  year={1939},
  publisher={APS}
}
@article{myers1974nuclear,
  title={The nuclear droplet model for arbitrary shapes},
  author={Myers, WD and Swiatecki, WJ},
  journal={Annals of Physics},
  volume={84},
  number={1-2},
  pages={186--210},
  year={1974},
  publisher={Elsevier}
}
@article{rainwater1950nuclear,
  title     = {Nuclear energy level argument for a spheroidal nuclear model},
  author    = {Rainwater, James},
  journal   = {Physical Review},
  volume    = {79},
  number    = {3},
  pages     = {432},
  year      = {1950},
  publisher = {APS}
}
@article{townes1949nuclear,
  title     = {Nuclear quadrupole moments and nuclear shell structure},
  author    = {Townes, Charles H and Foley, HM and Low, W},
  journal   = {Physical Review},
  volume    = {76},
  number    = {9},
  pages     = {1415},
  year      = {1949},
  publisher = {APS}
}
@article{goldhaber1951classification,
  title     = {Classification of nuclear isomers},
  author    = {Goldhaber, M and Sunyar, AW},
  journal   = {Physical Review},
  volume    = {83},
  number    = {5},
  pages     = {906},
  year      = {1951},
  publisher = {APS}
}
@book{messiah2014quantum,
  title     = {Quantum mechanics},
  author    = {Messiah, Albert},
  year      = {2014},
  publisher = {Courier Corporation}
}
@article{kitao2002nuclear,
  title     = {Nuclear Data Sheets fo A= 120},
  author    = {Kitao, K and Tendow, Y and Hashizume, A},
  journal   = {Nuclear Data Sheets},
  volume    = {96},
  number    = {2},
  pages     = {241--390},
  year      = {2002},
  publisher = {Elsevier}
}
@article{browne2013nuclear,
  title     = {Nuclear data sheets for A= 60},
  author    = {Browne, E and Tuli, JK},
  journal   = {Nuclear Data Sheets},
  volume    = {114},
  number    = {12},
  pages     = {1849--2022},
  year      = {2013},
  publisher = {Elsevier}
}
@article{chen2011nuclear,
  title     = {Nuclear data sheets for A= 44},
  author    = {Chen, Jun and Singh, Balraj and Cameron, John A},
  journal   = {Nuclear Data Sheets},
  volume    = {112},
  number    = {9},
  pages     = {2357--2495},
  year      = {2011},
  publisher = {Elsevier}
}
@article{nichols2012nuclear,
  title     = {Nuclear data sheets for A= 62},
  author    = {Nichols, Alan L and Singh, Balraj and Tuli, Jagdish K},
  journal   = {Nuclear Data Sheets},
  volume    = {113},
  number    = {4},
  pages     = {973--1114},
  year      = {2012},
  publisher = {Elsevier}
}
@article{erjun2001nuclear,
  title     = {Nuclear data sheets for A= 63},
  author    = {Erjun, Bai and Junde, Huo},
  journal   = {Nuclear Data Sheets},
  volume    = {92},
  number    = {1},
  pages     = {147--252},
  year      = {2001},
  publisher = {Elsevier}
}
@article{corrigan1976exact,
  title     = {Exact solution of the quadrupole surface vibration Hamiltonian in body-fixed coordinates},
  author    = {Corrigan, TM and Margetan, FJ and Williams, SA},
  journal   = {Physical Review C},
  volume    = {14},
  number    = {6},
  pages     = {2279},
  year      = {1976},
  publisher = {APS}
}
@article{li2022model,
  title   = {Model for collective motion},
  author  = {Li, ZP and Vretenar, D},
  journal = {arXiv preprint arXiv:2203.07608},
  year    = {2022}
}
@phdthesis{uwitonze2015assignment,
  title  = {Assignment of Spin and Parity to States in the Nucleus 196T1},
  author = {Uwitonze, Pierre Celestin},
  year   = {2015},
  school = {Rhodes University}
}
@book{wang2007exotic,
  title     = {Exotic collective excitations at high spin: triaxial rotation and octupole condensation},
  author    = {Wang, Xiaofeng},
  year      = {2007},
  publisher = {University of Notre Dame}
}
@article{nica2017nuclear,
  title     = {Nuclear Data Sheets for A= 158},
  author    = {Nica, N},
  journal   = {Nuclear Data Sheets},
  volume    = {141},
  pages     = {1--326},
  year      = {2017},
  publisher = {Elsevier}
}
@article{mccutchan2015nuclear,
  title     = {Nuclear data sheets for A= 180},
  author    = {McCutchan, Elizabeth A},
  journal   = {Nuclear Data Sheets},
  volume    = {126},
  pages     = {151--372},
  year      = {2015},
  publisher = {Elsevier}
}
@phdthesis{ayangeakaa2013exotic,
  title  = {Exotic Modes of Collective Excitations: Nuclear Tidal Waves and Chirality},
  author = {Ayangeakaa, Akaa Daniel},
  year   = {2013},
  school = {University of Notre Dame}
}
@article{kelabi2013kinematic,
  title   = {Kinematic Moment of Inertia of ee Rare Earths Nuclei},
  author  = {Kelabi, Mohamed E},
  journal = {arXiv preprint arXiv:1302.3875},
  year    = {2013}
}
@article{harris1965higher,
  title     = {Higher order corrections to the cranking model},
  author    = {Harris, Samuel M},
  journal   = {Physical Review},
  volume    = {138},
  number    = {3B},
  pages     = {B509},
  year      = {1965},
  publisher = {APS}
}
@article{kvasil2004backbending,
  title     = {Backbending and $\gamma$ vibrations},
  author    = {Kvasil, J and Nazmitdinov, RG},
  journal   = {Physical Review C},
  volume    = {69},
  number    = {3},
  pages     = {031304},
  year      = {2004},
  publisher = {APS}
}
@article{ahmad2021backbending,
  title     = {Backbending Phenomena in Even-Even [Formula omitted] Hf Isotopes.},
  author    = {Ahmad, Saddon T and Kotb, M and Salih, Idris H and Abdullah, Hewa Y},
  journal   = {Physics of Atomic Nuclei},
  volume    = {84},
  number    = {1},
  pages     = {18--29},
  year      = {2021},
  publisher = {Springer}
}
@article{wu1992relation,
  title     = {Relation between the kinematic and dynamic moments of inertia in superdeformed nuclei},
  author    = {Wu, CS and Cheng, L and Lin, CZ and Zeng, JY},
  journal   = {Physical Review C},
  volume    = {45},
  number    = {5},
  pages     = {2507},
  year      = {1992},
  publisher = {APS}
}
@article{wu1992spin,
  title     = {Spin determination and calculation of nuclear superdeformed bands in A~ 190 region},
  author    = {Wu, CS and Zeng, JY and Xing, Z and Chen, XQ and Meng, J},
  journal   = {Physical Review C},
  volume    = {45},
  number    = {1},
  pages     = {261},
  year      = {1992},
  publisher = {APS}
}
@article{nica2021nuclear,
  title     = {Nuclear Data Sheets for A= 160},
  author    = {Nica, N},
  journal   = {Nuclear Data Sheets},
  volume    = {176},
  pages     = {1--428},
  year      = {2021},
  publisher = {Elsevier}
}
@article{reich2007nuclear,
  title     = {Nuclear data sheets for A= 162},
  author    = {Reich, CW},
  journal   = {Nuclear Data Sheets},
  volume    = {108},
  number    = {9},
  pages     = {1807--2034},
  year      = {2007},
  publisher = {Elsevier}
}
@article{davydov1960rotation,
  title     = {Rotation-vibration interaction in non-axial even nuclei},
  author    = {Davydov, AS and Chaban, AA},
  journal   = {Nuclear Physics},
  volume    = {20},
  pages     = {499--508},
  year      = {1960},
  publisher = {Elsevier}
}
@article{mottelson1960effect,
  title     = {Effect of nuclear rotation on the pairing correlation},
  author    = {Mottelson, Ben R and Valatin, JG},
  journal   = {Physical Review Letters},
  volume    = {5},
  number    = {11},
  pages     = {511},
  year      = {1960},
  publisher = {APS}
}
@article{krumlinde1974effect,
  title     = {On the effect of quadrupole pairing interaction on the backbending behaviour in rotating nuclei},
  author    = {Krumlinde, J and Szyma{\'n}ski, Z},
  journal   = {Physics Letters B},
  volume    = {53},
  number    = {4},
  pages     = {322--324},
  year      = {1974},
  publisher = {Elsevier}
}
@article{raduta2011semimicroscopic,
  title     = {Semimicroscopic description of backbending phenomena in some deformed even-even nuclei},
  author    = {Raduta, AA and Budaca, R},
  journal   = {Physical Review C},
  volume    = {84},
  number    = {4},
  pages     = {044323},
  year      = {2011},
  publisher = {APS}
}
@incollection{heyde1994nuclear,
  title     = {The nuclear shell model},
  author    = {Heyde, Kris LG},
  booktitle = {The Nuclear Shell Model},
  pages     = {58--154},
  year      = {1994},
  publisher = {Springer}
}
@incollection{neugart2006nuclear,
  title     = {Nuclear moments},
  author    = {Neugart, R and Neyens, G},
  booktitle = {The Euroschool Lectures on Physics with Exotic Beams, Vol. II},
  pages     = {135--189},
  year      = {2006},
  publisher = {Springer}
}
@article{dracoulis2013isomers,
  title     = {Isomers and excitation modes in the gamma-soft nucleus 192Os},
  author    = {Dracoulis, GD and Lane, GJ and Byrne, AP and Watanabe, H and Hughes, RO and Kondev, Filip G and Carpenter, M and Janssens, RVF and Lauritsen, T and Lister, CJ and others},
  journal   = {Physics Letters B},
  volume    = {720},
  number    = {4-5},
  pages     = {330--335},
  year      = {2013},
  publisher = {Elsevier}
}
@article{Mariscotti1969PhenomenologicalAO,
  title   = {Phenomenological Analysis of Ground-State Bands in Even-Even Nuclei},
  author  = {Mario A.J. Mariscotti and Gertrude Scharff-Goldhaber and B. Buck},
  journal = {Physical Review},
  year    = {1969},
  volume  = {178},
  pages   = {1864-1886}
}
@article{Stephens1974BackbendingAR,
  title   = {Backbending and rotation alignment},
  author  = {Frank S. Stephens and Peter Kleinheinz and Raymond K. Sheline and Reinhard S Simon},
  journal = {Nuclear Physics},
  year    = {1974},
  volume  = {222},
  pages   = {235-251}
}
@article{Stephens1972CoriolisEI,
  title   = {Coriolis effects in the yrast states},
  author  = {Frank S. Stephens and Reinhard S Simon},
  journal = {Nuclear Physics},
  year    = {1972},
  volume  = {183},
  pages   = {257-284}
}
@article{wang2008description,
  title     = {Description of $\pi$ g 9/2⊗ $\nu$ h 11/2 doublet bands in Rh 106},
  author    = {Wang, SY and Zhang, SQ and Qi, B and Peng, J and Yao, JM and Meng, J and others},
  journal   = {Physical Review C},
  volume    = {77},
  number    = {3},
  pages     = {034314},
  year      = {2008},
  publisher = {APS}
}
@article{wilets1956surface,
  title     = {Surface oscillations in even-even nuclei},
  author    = {Wilets, Lawrence and Jean, Maurice},
  journal   = {Physical Review},
  volume    = {102},
  number    = {3},
  pages     = {788},
  year      = {1956},
  publisher = {APS}
}
@article{brack1972funny,
  title     = {Funny hills: The shell-correction approach to nuclear shell effects and its applications to the fission process},
  author    = {Brack, Matthias and Damgaard, Jens and Jensen, AS and Pauli, HC and Strutinsky, VM and Wong, CY},
  journal   = {Reviews of Modern Physics},
  volume    = {44},
  number    = {2},
  pages     = {320},
  year      = {1972},
  publisher = {APS}
}
@article{bengtsson1989method,
  title     = {A method to remove virtual interactions with applications to nuclear spectroscopy},
  author    = {Bengtsson, Tord},
  journal   = {Nuclear Physics A},
  volume    = {496},
  number    = {1},
  pages     = {56--92},
  year      = {1989},
  publisher = {Elsevier}
}
@article{djongolov2003extending,
  title     = {Extending the region of triaxial superdeformation: candidate TSD bands in 174Hf},
  author    = {Djongolov, MK and Hartley, DJ and Riedinger, LL and Kondev, Filip G and Janssens, RVF and Saleem, K Abu and Ahmad, I and Balabanski, DL and Carpenter, MP and Chowdhury, P and others},
  journal   = {Physics Letters B},
  volume    = {560},
  number    = {1-2},
  pages     = {24--30},
  year      = {2003},
  publisher = {Elsevier}
}
@article{nomura2021examining,
  title   = {Examining the wobbling interpretation of low-lying bands in gamma-soft nuclei within the interacting boson-fermion model},
  author  = {Nomura, K and Petrache, CM},
  journal = {arXiv e-prints},
  pages   = {arXiv--2106},
  year    = {2021}
}
@book{gu2007theoretical,
  title     = {Theoretical investigation of triaxial strong deformation and tidal waves in nuclei},
  author    = {Gu, Yingqiong},
  year      = {2007},
  publisher = {University of Notre Dame}
}
@phdthesis{henning2012stability,
  title  = {Stability of transfermium elements at high spin: measuring the fission barrier of 254No},
  author = {Henning, Gregoire},
  year   = {2012},
  school = {Paris 11}
}
@article{lee1990gammasphere,
  title     = {The gammasphere},
  author    = {Lee, I-Yang},
  journal   = {Nuclear Physics A},
  volume    = {520},
  pages     = {c641--c655},
  year      = {1990},
  publisher = {Elsevier}
}
@article{simpson1997euroball,
  title     = {The euroball spectrometer},
  author    = {Simpson, J},
  journal   = {Zeitschrift f{\"u}r Physik A Hadrons and Nuclei},
  volume    = {358},
  number    = {2},
  pages     = {139--143},
  year      = {1997},
  publisher = {Springer}
}
@article{budaca2022deformation,
  title     = {Deformation dependence of the screened decay law for proton emission},
  author    = {Budaca, R and Budaca, AI},
  journal   = {Nuclear Physics A},
  volume    = {1017},
  pages     = {122355},
  year      = {2022},
  publisher = {Elsevier}
}
@article{qi2019recent,
  title     = {Recent developments in radioactive charged-particle emissions and related phenomena},
  author    = {Qi, Chong and Liotta, Roberto and Wyss, Ramon},
  journal   = {Progress in Particle and Nuclear Physics},
  volume    = {105},
  pages     = {214--251},
  year      = {2019},
  publisher = {Elsevier}
}
@article{lu2012potential,
  title     = {Potential energy surfaces of actinide nuclei from a multidimensional constrained covariant density functional theory: Barrier heights and saddle point shapes},
  author    = {Lu, Bing-Nan and Zhao, En-Guang and Zhou, Shan-Gui and others},
  journal   = {Physical Review C},
  volume    = {85},
  number    = {1},
  pages     = {011301},
  year      = {2012},
  publisher = {APS}
}
@article{palumbo1985splitting,
  title     = {Splitting of the magnetic dipole giant resonance and triaxial deformation},
  author    = {Palumbo, F and Richter, A},
  journal   = {Physics Letters B},
  volume    = {158},
  number    = {2},
  pages     = {101--102},
  year      = {1985},
  publisher = {Elsevier}
}
@book{sensharma2021wobbling,
  title     = {Wobbling Motion in Nuclei: Transverse, Longitudinal and Chiral},
  author    = {Sensharma, Nirupama},
  year      = {2021},
  publisher = {University of Notre Dame}
}
@article{starosta2001chiral,
  title     = {Chiral doublet structures in odd-odd N= 75 isotones: Chiral vibrations},
  author    = {Starosta, K and Koike, T and Chiara, CJ and Fossan, DB and LaFosse, DR and Hecht, AA and Beausang, CW and Caprio, MA and Cooper, JR and Kr{\"u}cken, R and others},
  journal   = {Physical review letters},
  volume    = {86},
  number    = {6},
  pages     = {971},
  year      = {2001},
  publisher = {APS}
}
@article{zhang2007chiral,
  title     = {Chiral bands for a quasi-proton and quasi-neutron coupled with a triaxial rotor},
  author    = {Zhang, SQ and Qi, Bin and Wang, SY and Meng, J},
  journal   = {Physical Review C},
  volume    = {75},
  number    = {4},
  pages     = {044307},
  year      = {2007},
  publisher = {APS}
}
@article{budaca2018semiclassical,
  title     = {Semiclassical description of chiral geometry in triaxial nuclei},
  author    = {Budaca, R},
  journal   = {Physical Review C},
  volume    = {98},
  number    = {1},
  pages     = {014303},
  year      = {2018},
  publisher = {APS}
}
@article{budaca2021chiral,
  title     = {From chiral vibration to tilted-axis wobbling within broken chiral symmetry},
  author    = {Budaca, R},
  journal   = {Physics Letters B},
  volume    = {817},
  pages     = {136308},
  year      = {2021},
  publisher = {Elsevier}
}
@article{meng2008chiral,
  title     = {Chiral symmetry in atomic nuclei},
  author    = {Meng, J and Qi, B and Zhang, SQ and Wang, SY},
  journal   = {Modern Physics Letters A},
  volume    = {23},
  number    = {27n30},
  pages     = {2560--2567},
  year      = {2008},
  publisher = {World Scientific}
}
@article{mccutchan2018nuclear,
  title     = {Nuclear data sheets for A= 136},
  author    = {Mccutchan, EA},
  journal   = {Nuclear Data Sheets},
  volume    = {152},
  pages     = {331--667},
  year      = {2018},
  publisher = {Elsevier}
}
@inproceedings{bhat1992evaluated,
  title        = {Evaluated nuclear structure data file (ENSDF)},
  author       = {Bhat, MR},
  booktitle    = {Nuclear data for science and technology},
  pages        = {817--821},
  year         = {1992},
  organization = {Springer}
}
@article{grodner2004dsam,
  title     = {DSAM lifetime measurements in the yrast band of 131 La and the chiral bands in 132 La},
  author    = {Grodner, E and Srebrny, J and Droste, Ch and Morek, T and Pasternak, A and Kownacki, J},
  journal   = {International Journal of Modern Physics E},
  volume    = {13},
  number    = {01},
  pages     = {243--246},
  year      = {2004},
  publisher = {World Scientific}
}
@article{grodner2005lifetime,
  title     = {Lifetime measurements in 128 Cs and 132 La as a test of chirality},
  author    = {Grodner, E and Zalewska, I and Morek, T and Srebrny, J and Droste, Ch and Kowalczyk, M and Mierzejewski, J and Sa{\l}ata, M and Pasternak, AA and Kownacki, J and others},
  journal   = {International Journal of Modern Physics E},
  volume    = {14},
  number    = {03},
  pages     = {347--352},
  year      = {2005},
  publisher = {World Scientific}
}
@article{misicu2022nonlinear,
  title   = {NONLINEAR WOBBLING OF EVEN-EVEN NUCLEI},
  author  = {MISICU, S},
  journal = {Romanian Journal of Physics},
  volume  = {67},
  pages   = {301},
  year    = {2022}
}
@article{shoji2006microscopic,
  title     = {Microscopic description of nuclear wobbling motion rotation of triaxially deformed nuclei},
  author    = {Shoji, Takuya and Shimizu, Yoshifumi R},
  journal   = {International Journal of Modern Physics E},
  volume    = {15},
  number    = {07},
  pages     = {1407--1416},
  year      = {2006},
  publisher = {World Scientific}
}
@article{oi2006semi,
  title     = {Semi-classical and anharmonic quantum models of nuclear wobbling motion},
  author    = {Oi, Makito},
  journal   = {Physics Letters B},
  volume    = {634},
  number    = {1},
  pages     = {30--34},
  year      = {2006},
  publisher = {Elsevier}
}
@article{poenaru2021extensive2,
  title     = {EXTENSIVE STUDY OF THE POSITIVE AND NEGATIVE PARITY WOBBLING STATES FOR AN ODD-MASS TRIAXIAL NUCLEUS II: CLASSICAL TRAJECTORIES},
  author    = {Poenaru, R and Raduta, AA},
  journal   = {Romanian Journal of Physics},
  volume    = {66},
  number    = {9-10},
  year      = {2021},
  publisher = {EDITURA ACAD ROMANE CALEA 13 SEPTEMBRIE NR 13, SECTOR 5, BUCURESTI 050711~…}
}
@article{poenaru2021extensive1,
  title     = {EXTENSIVE STUDY OF THE POSITIVE AND NEGATIVE PARITY WOBBLING STATES FOR AN ODD-MASS TRIAXIAL NUCLEUS I: ENERGY SPECTRUM},
  author    = {Poenaru, R and Raduta, AA},
  journal   = {Romanian Journal of Physics},
  volume    = {66},
  number    = {7-8},
  year      = {2021},
  publisher = {EDITURA ACAD ROMANE CALEA 13 SEPTEMBRIE NR 13, SECTOR 5, BUCURESTI 050711~…}
}
@article{frauendorf2001spontaneous,
  title     = {Spontaneous symmetry breaking in rotating nuclei},
  author    = {Frauendorf, Stefan},
  journal   = {Reviews of Modern Physics},
  volume    = {73},
  number    = {2},
  pages     = {463},
  year      = {2001},
  publisher = {APS}
}
@article{lv2022experimental,
  title     = {Experimental evidence for transverse wobbling bands in Nd 136},
  author    = {Lv, BF and Petrache, CM and Budaca, R and Astier, A and Zheng, KK and Greenlees, P and Badran, H and Calverley, T and Cox, DM and Grahn, T and others},
  journal   = {Physical Review C},
  volume    = {105},
  number    = {3},
  pages     = {034302},
  year      = {2022},
  publisher = {APS}
}
@article{nomura2022questioning,
  title     = {Questioning the wobbling interpretation of low-spin bands in $\gamma$-soft nuclei within the interacting boson-fermion model},
  author    = {Nomura, K and Petrache, CM},
  journal   = {Physical Review C},
  volume    = {105},
  number    = {2},
  pages     = {024320},
  year      = {2022},
  publisher = {APS}
}
@article{devi2021observation,
  title     = {Observation of multiphonon transverse wobbling in 133Ba},
  author    = {Devi, K Rojeeta and Kumar, Suresh and Kumar, Naveen and Babra, FS and Laskar, Md SR and Biswas, S and Saha, S and Singh, P and Samanta, S and Das, S and others},
  journal   = {Physics Letters B},
  volume    = {823},
  pages     = {136756},
  year      = {2021},
  publisher = {Elsevier}
}
@article{petrache2016transverse,
  title   = {Transverse wobbling motion in 134Ce and 136Nd},
  author  = {Petrache, CM and Guo, S},
  journal = {arXiv preprint arXiv:1603.08247},
  year    = {2016}
}
@article{kaur2014high,
  title     = {High spin structure in 130,131 Ba},
  author    = {Kaur, Navneet and Kumar, A and Mukherjee, G and Singh, Amandeep and Kumar, S and Kaur, Rajbir and Singh, Varinderjit and Behera, BR and Singh, KP and Singh, G and others},
  journal   = {The European Physical Journal A},
  volume    = {50},
  number    = {1},
  pages     = {1--7},
  year      = {2014},
  publisher = {Springer}
}
@article{ma1990competing,
  title     = {Competing proton and neutron rotational alignments: Band structures in Ba 131},
  author    = {Ma, R and Liang, Y and Paul, ES and Xu, N and Fossan, DB and Hildingsson, L and Wyss, RA},
  journal   = {Physical Review C},
  volume    = {41},
  number    = {2},
  pages     = {717},
  year      = {1990},
  publisher = {APS}
}
@article{petrache2012tilted,
  title     = {Tilted axis rotation, candidates for chiral bands, and wobbling motion in 138 Nd},
  author    = {Petrache, CM and Frauendorf, S and Matsuzaki, M and Leguillon, R and Zerrouki, T and Lunardi, S and Bazzacco, D and Ur, CA and Farnea, E and Alvarez, C Rossi and others},
  journal   = {Physical Review C},
  volume    = {86},
  number    = {4},
  pages     = {044321},
  year      = {2012},
  publisher = {APS}
}
@article{krane1970determination,
  title     = {Determination of the E 2 M 1 Multipole Mixing Ratios of the Gamma Transitions in Cd 110},
  author    = {Krane, KS and Steffen, RM},
  journal   = {Physical Review C},
  volume    = {2},
  number    = {2},
  pages     = {724},
  year      = {1970},
  publisher = {APS}
}
@article{lv2022evidence,
  title     = {Evidence against the wobbling nature of low-spin bands in 135Pr},
  author    = {Lv, BF and Petrache, CM and Lawrie, EA and Guo, S and Astier, A and Zheng, KK and Ong, HJ and Wang, JG and Zhou, XH and Sun, ZY and others},
  journal   = {Physics Letters B},
  volume    = {824},
  pages     = {136840},
  year      = {2022},
  publisher = {Elsevier}
}
@article{guo2022probing,
  title     = {Probing the nature of the conjectured low-spin wobbling bands in atomic nuclei},
  author    = {Guo, S and Zhou, XH and Petrache, CM and Lawrie, EA and Mthembu, SH and Fang, YD and Wu, HY and Wang, HL and Meng, HY and Li, GS and others},
  journal   = {Physics Letters B},
  volume    = {828},
  pages     = {137010},
  year      = {2022},
  publisher = {Elsevier}
}
@misc{guo2021comment,
  doi       = {10.48550/ARXIV.2011.14364},
  url       = {https://arxiv.org/abs/2011.14364},
  author    = {Guo, S.},
  keywords  = {Nuclear Experiment (nucl-ex), FOS: Physical sciences, FOS: Physical sciences},
  title     = {Comment on "Transverse Wobbling in $^{135}$Pr [Phys. Rev. Lett. 114, 082501 (2015)]"},
  publisher = {arXiv},
  year      = {2020},
  copyright = {arXiv.org perpetual, non-exclusive license}
}
@article{lv2021tilted,
  title     = {Tilted precession bands in Nd 135},
  author    = {Lv, BF and Petrache, CM and Lawrie, EA and Astier, A and Dupont, E and Zheng, KK and Greenlees, P and Badran, H and Calverley, T and Cox, DM and others},
  journal   = {Physical Review C},
  volume    = {103},
  number    = {4},
  pages     = {044308},
  year      = {2021},
  publisher = {APS}
}
@article{hua2020comment,
  title  = {Comment on "Longitudinal wobbling in 133La" by S. Biswas et al.},
  author = {Hua, W and Guo, Siyuan and Petrache, C.},
  url    = {https://arxiv.org/abs/2011.14364},
  journal   = {Preprint},
  year      = {2020},
  publisher = {ResearchGate}
}
@article{lv2018evolution,
  title = {Evolution from gamma-soft to stable triaxiality in 136Nd as a prerequisite of chirality},
  author = {Lv, B. F. and Petrache, C. M. and Astier, A. and Dupont, E. and Lopez-Martens, A. and Greenlees, P. T. and Badran, H. and Calverley, T. and Cox, D. M. and Grahn, T. and Hilton, J. and Julin, R. and Juutinen, S. and Konki, J. and Leino, M. and Pakarinen, J. and Papadakis, P. and Partanen, J. and Rahkila, P. and Sandzelius, M. and Saren, J. and Scholey, C. and Sorri, J. and Stolze, S. and Uusitalo, J. and Herz\'an, A. and Cederwall, B. and Ertoprak, A. and Liu, H. and Guo, S. and Liu, M. L. and Qiang, Y. H. and Wang, J. G. and Zhou, X. H. and Kuti, I. and Tim\'ar, J. and Tucholski, A. and Srebrny, J. and Andreoiu, C.},
  journal = {Phys. Rev. C},
  volume = {98},
  issue = {4},
  pages = {044304},
  numpages = {22},
  year = {2018},
  month = {Oct},
  publisher = {American Physical Society},
  doi = {10.1103/PhysRevC.98.044304},
  url = {https://link.aps.org/doi/10.1103/PhysRevC.98.044304}
}
@article{chen2021microscopic,
  title={Microscopic investigation on the existence of transverse wobbling under the effect of rotational alignment: The Nd 136 case},
  author={Chen, Fang-Qi and Petrache, CM},
  journal={Physical Review C},
  volume={103},
  number={6},
  pages={064319},
  year={2021},
  publisher={APS}
}
@article{poenaru2021parity,
  title={Parity partner bands in 163Lu: A novel approach for describing the negative parity states from a triaxial super-deformed band},
  author={Poenaru, R and Raduta, AA},
  journal={International Journal of Modern Physics E},
  volume={30},
  number={05},
  pages={2150033},
  year={2021},
  publisher={World Scientific}
}
@article{chen2016two,
  title={Two-dimensional collective Hamiltonian for chiral and wobbling modes},
  author={Chen, QB and Zhang, SQ and Zhao, PW and Jolos, RV and Meng, J and others},
  journal={Physical Review C},
  volume={94},
  number={4},
  pages={044301},
  year={2016},
  publisher={APS}
}
@article{glauber1963coherent,
  title={Coherent and incoherent states of the radiation field},
  author={Glauber, Roy J},
  journal={Physical Review},
  volume={131},
  number={6},
  pages={2766},
  year={1963},
  publisher={APS}
}
@book{rose1995elementary,
  title={Elementary theory of angular momentum},
  author={Rose, Morris Edgar},
  year={1995},
  publisher={Courier Corporation}
}
@article{toki1975asymmetric,
  title={Asymmetric rotor model for decoupled bands in transitional odd-mass nuclei},
  author={Toki, H and Faessler, Amand},
  journal={Nuclear Physics A},
  volume={253},
  number={1},
  pages={231--252},
  year={1975},
  publisher={Elsevier}
}
@article{hagemann1984signature,
  title={Signature-dependent ml and e2 transition probabilities in 155ho and 157ho},
  author={Hagemann, GB and Garrett, JD and Herskind, B and Kownacki, J and Nyako, BM and Nolan, PL and Sharpey-Schafer, JF and Tj{\o}m, PO},
  journal={Nuclear Physics A},
  volume={424},
  number={2},
  pages={365--382},
  year={1984},
  publisher={Elsevier}
}
@article{chen2020g,
  title={g-factor and static quadrupole moment for the wobbling mode in 133La},
  author={Chen, QB and Frauendorf, S and Kaiser, N and Mei{\ss}ner, Ulf-G and Meng, J},
  journal={Physics Letters B},
  volume={807},
  pages={135596},
  year={2020},
  publisher={Elsevier}
}
@article{chen2020static,
  title={Static quadrupole moments of nuclear chiral doublet bands},
  author={Chen, QB and Kaiser, N and Mei{\ss}ner, Ulf-G and Meng, J},
  journal={Physics Letters B},
  volume={807},
  pages={135568},
  year={2020},
  publisher={Elsevier}
}
@article{hecht1962asymmetric,
  title={Asymmetric rotator model of odd-mass nuclei},
  author={Hecht, Karl T and Satchler, George Raymond},
  journal={Nuclear Physics},
  volume={32},
  pages={286--318},
  year={1962},
  publisher={Elsevier}
}
@book{kenney1939mathematics,
  title={Mathematics of statistics},
  author={Kenney, John F},
  year={1939},
  publisher={D. Van Nostrand}
}
@article{tiesinga2021codata,
  title={CODATA recommended values of the fundamental physical constants: 2018},
  author={Tiesinga, Eite and Mohr, Peter J and Newell, David B and Taylor, Barry N},
  journal={Journal of Physical and Chemical Reference Data},
  volume={50},
  number={3},
  pages={033105},
  year={2021},
  publisher={AIP Publishing LLC for the National Institute of Standards and Technology}
}
@book{varshalovich1988quantum,
  title={Quantum theory of angular momentum},
  author={Varshalovich, Dmitrii Aleksandrovich and Moskalev, Anatolij Nikolaevic and Khersonskii, Valerii Kelmanovich},
  year={1988},
  publisher={World Scientific}
}
@book{lvThesis,
  title={Chirality in the 136Nd and 135Nd nuclei},
  author={Lv, Bingfeng},
  year={2019},
  publisher={PhD Thesis}
}
@article{hagemann2003wobbling,
  title={Wobbling phonon excitations in strongly deformed triaxial nuclei},
  author={Hagemann, GB},
  journal={The European Physical Journal A-Hadrons and Nuclei},
  volume={20},
  number={1},
  pages={183--188},
  year={2003},
  publisher={Springer}
}
@article{hamamoto2003nuclear,
  title={Nuclear wobbling-phonon excitations with alignments},
  author={Hamamoto, I},
  journal={Nuclear Physics A},
  volume={722},
  pages={C389--C394},
  year={2003},
  publisher={Elsevier}
}
@article{raduta2022simultaneous,
  title={Simultaneous description of wobbling and chiral properties in even--odd triaxial nuclei},
  author={Raduta, CM and Raduta, AA and Poenaru, R and Raduta, Al H},
  journal={Journal of Physics G: Nuclear and Particle Physics},
  volume={49},
  number={2},
  pages={025105},
  year={2022},
  publisher={IOP Publishing}
}
@article{raduta2016specific,
  title={Specific features and symmetries for magnetic and chiral bands in nuclei},
  author={Raduta, AA},
  journal={Progress in Particle and Nuclear Physics},
  volume={90},
  pages={241--298},
  year={2016},
  publisher={Elsevier}
}
@article{budaca2022beyond,
  title={Beyond the harmonic approximation description of wobbling excitations in even-even nuclei with frozen alignments},
  author={Budaca, R and Petrache, CM},
  journal={Physical Review C},
  volume={106},
  number={1},
  pages={014313},
  year={2022},
  publisher={APS}
}
@article{raduta2014new,
  title={A new picture for the chiral symmetry properties within a particle--core framework},
  author={Raduta, AA and Raduta, CM and Faessler, Amand},
  journal={Journal of Physics G: Nuclear and Particle Physics},
  volume={41},
  number={3},
  pages={035105},
  year={2014},
  publisher={IOP Publishing}
}
@article{raduta2017alternative,
  title={Alternative description of chiral properties in 138Nd},
  author={Raduta, AA and Raduta, CM and Raduta, Al H},
  journal={Journal of Physics G: Nuclear and Particle Physics},
  volume={44},
  number={4},
  pages={045102},
  year={2017},
  publisher={IOP Publishing}
}
@article{raduta2015semi,
  title={Semi-phenomenological description of the chiral bands in 188,190 Os},
  author={Raduta, AA and Raduta, CM},
  journal={Journal of Physics G: Nuclear and Particle Physics},
  volume={42},
  number={6},
  pages={065105},
  year={2015},
  publisher={IOP Publishing}
}
@article{raduta2015possible,
  title={Possible chiral symmetry in 138Nd},
  author={Raduta, AA and Raduta, Al H and Petrache, CM},
  journal={arXiv preprint arXiv:1512.08656},
  year={2015}
}
@article{raduta2014description,
  title={Description of the chiral bands in 188,190Os},
  author={Raduta, AA and Raduta, CM},
  journal={arXiv preprint arXiv:1407.5059},
  year={2014}
}